000981258 FMT   L BK
000981258 LDR   L ^^^^^cam^a2201225^i^4500
000981258 001   L 000981258
000981258 005   L 20160203030902.0
000981258 008   L 080716s2008^^^^fi^|||||||||||||||||fin|^
000981258 015   L $$afx888913$$2skl
000981258 020   L $$a978-952-5764-00-0$$qnidottu
000981258 0248  L $$aA1290525
000981258 035   L $$a(FI-MELINDA)000981258
000981258 040   L $$aFI-NL
000981258 0410  L $$afin
000981258 042   L $$afinb
000981258 072 7 L $$a02$$2kkaa
000981258 080   L $$a1$$9FENNI<KEEP>
000981258 084   L $$a11.1$$2ykl$$9FENNI<KEEP>
000981258 084   L $$a11.1
000981258 1001  L $$aVarto, Juha.
000981258 24510 L $$aAjattelemisen alku ja loppu :$$bkreikkalaista eetosta etsimässä /$$cJuha Varto.
000981258 260   L $$a[Lahti] :$$bElan Vital,$$c2008$$e(Lahti :$$fLahti Kopio)
000981258 300   L $$a186 s. :$$bkuvitettu ;$$c21 cm
000981258 336   L $$ateksti$$btxt$$2rdacontent
000981258 337   L $$akäytettävissä ilman laitetta$$bn$$2rdamedia
000981258 338   L $$anide$$bnc$$2rdacarrier
000981258 530   L $$aMyös elektronisena julkaisuna (ISBN 978-952-5764-01-7, PDF).$$9FENNI<KEEP>
000981258 579   L $$aXLUETTELOITU$$bdiak
000981258 579   L $$aXLUETTELOITU$$bhelka
000981258 60004 L $$aHomeros.$$9FENNI<KEEP>
000981258 60004 L $$aParmenides.$$9FENNI<KEEP>
000981258 60004 L $$aZenon,$$cElealainen.$$9FENNI<KEEP>
000981258 60004 L $$aHerakleitos.$$9FENNI<KEEP>
000981258 60004 L $$aEmpedokles.$$9FENNI<KEEP>
000981258 60004 L $$aDemokritos.$$9FENNI<KEEP>
000981258 60004 L $$aDemokrito.
000981258 650 7 L $$afilosofia$$xantiikki$$2ysa$$9FENNI<KEEP>
000981258 650 7 L $$aajattelu$$2ysa$$9FENNI<KEEP>
000981258 650 7 L $$amaailmankuva$$2ysa$$9FENNI<KEEP>
000981258 650 7 L $$amyytit$$2ysa$$9FENNI<KEEP>
000981258 650 7 L $$aesisokraattisuus$$2ysa$$9FENNI<KEEP>
000981258 650 7 L $$akosmologia$$2ysa$$9FENNI<KEEP>
000981258 650 7 L $$ametafysiikka$$2ysa$$9FENNI<KEEP>
000981258 650 7 L $$aparadoksit$$2ysa$$9FENNI<KEEP>
000981258 650 7 L $$aluonnonfilosofia$$2ysa$$9FENNI<KEEP>
000981258 650 7 L $$akirjallisuus$$xantiikki$$2ysa$$9FENNI<KEEP>
000981258 650 7 L $$aeepokset$$2ysa$$9FENNI<KEEP>
000981258 650 7 L $$afilosofit$$2ysa$$9FENNI<KEEP>
000981258 650 7 L $$afilosofia$$xmaailmankuva$$2ysa
000981258 650 7 L $$afilosofit$$zKreikka$$2ysa
000981258 650 7 L $$aantiikki$$2ysa
000981258 650 7 L $$akirjallisuus$$2ysa
000981258 650 7 L $$afilosofia$$2ysa
000981258 650 7 L $$afilosofia$$xantiikki$$zKreikka$$2ysa
000981258 650 7 L $$aajattelu$$xantiikki$$2ysa
000981258 650 7 L $$amaailmankuva$$xantiikki$$2ysa
000981258 650 7 L $$amyytit$$xantiikki$$2ysa
000981258 650 7 L $$afilosofit$$xantiikki$$zKreikka$$2ysa
000981258 651 7 L $$aKreikka$$2ysa$$9FENNI<KEEP>
000981258 7400  L $$aKreikkalaista eetosta etsimässä.
000981258 SID   L $$c1025019$$boula
000981258 SID   L $$c888913$$bfenni
000981258 SID   L $$c371475$$barsca
000981258 SID   L $$c2097066$$bhelka
000981258 SID   L $$c429619$$bjosku
000981258 SID   L $$c492969$$btamca
000981258 SID   L $$c1317748$$bvolte
000981258 SID   L $$c104594$$blamk
000981258 SID   L $$c83233$$bdiak
000981258 SID   L $$c(ANDL100008)850013$$bpiki
000981258 SID   L $$c(ANDL100013)749439$$bander
000981258 CAT   L $$aLOAD$$b$$c20090124$$lFIN01$$h1255
000981258 CAT   L $$aARSCA4015$$b30$$c20090224$$lFIN01$$h1450
000981258 CAT   L $$aARSCA4010$$b30$$c20090226$$lFIN01$$h1255
000981258 CAT   L $$c20090529$$lFIN01$$h1909
000981258 CAT   L $$aUEF4130$$b30$$c20090612$$lFIN01$$h1305
000981258 CAT   L $$aABO4003$$b30$$c20090820$$lFIN01$$h0806
000981258 CAT   L $$akvp4001$$b$$c20110613$$lFIN01$$h1214
000981258 CAT   L $$aJLEHMUS$$b$$c20110818$$lFIN01$$h0243
000981258 CAT   L $$aCONV-ISBD$$b$$c20120402$$lFIN01$$h0809
000981258 CAT   L $$aLOAD-LAMK$$b$$c20130406$$lFIN01$$h0645
000981258 CAT   L $$aLOAD-DIAK$$b$$c20131020$$lFIN01$$h0719
000981258 CAT   L $$aLOAD-FIX$$b$$c20140117$$lFIN01$$h0634
000981258 CAT   L $$aLOAD-FIX$$b$$c20140131$$lFIN01$$h0211
000981258 CAT   L $$aLOAD-FIX$$b$$c20140208$$lFIN01$$h0347
000981258 CAT   L $$aLOAD-HELKA$$b$$c20140814$$lFIN01$$h0224
000981258 CAT   L $$aLOAD-PIKI$$b$$c20150617$$lFIN01$$h0154
000981258 CAT   L $$aLOAD-FIX$$b30$$c20150623$$lFIN01$$h1819
000981258 CAT   L $$aLOAD-FIX$$b30$$c20151226$$lFIN01$$h0002
000981258 CAT   L $$aLOAD-ANDER$$b$$c20160203$$lFIN01$$h0309
000981258 CAT   L $$aCONV-RDA$$b$$c20160319$$lFIN01$$h0853
000981258 901   L $$aMU20080716$$5FENNI
000981258 LOW   L $$aALMA
000981258 LOW   L $$aARSCA
000981258 LOW   L $$aDIAK
000981258 LOW   L $$aFENNI
000981258 LOW   L $$aHELKA
000981258 LOW   L $$aJOSKU
000981258 LOW   L $$aJYKDO
000981258 LOW   L $$aLAMK
000981258 LOW   L $$aOULA
000981258 LOW   L $$aPIKI
000981258 LOW   L $$aTAMCA
000981258 LOW   L $$aVOLTE
000981258 LOW   L $$aANDER
